@book{LaTeX2013,
    author = {刘海洋},
    title = {\LaTeX 入门},
    publisher = {电子工业出版社},
    year = {2013},
}

@manual{LaTeX2e2005,
    author = {\LaTeX3 Project Team},
    title = {LaTeX2e font selection},
    year = {2005},
}

@manual{TheComprehensive2009,
    author = {Scott Pakin},
    title = {The Comprehensive \LaTeX Symbol List},
    address = {scott+clsl@pakin.org},
    year = {2009},
}

@manual{TeXLive2014,
    author = {Karl Berry},
    title = {\TeX Live 指南 -- 2014},
    address = {http://tug.org/texlive/},
    year = {2014},
}

@manual{ctex2011,
    author = {ctex.org},
    title = {ctex 宏包说明},
    address = {http://www.ctex.org},
    year = {2011},
}
